@book{tpl,
  author = {Benjamin C. Pierce},
  year = {2002},
  title = {Types and programming languages},
  publisher = {The MIT Press}
}
